@article{Fujisawa01092013,
author = {Fujisawa, Tomochika and Barraclough, Timothy G.}, 
title = {{Delimiting Species Using Single-Locus Data and the Generalized Mixed Yule Coalescent Approach: A Revised Method and Evaluation on Simulated Data Sets}},
volume = {62}, 
number = {5}, 
pages = {707-724}, 
year = {2013}, 
journal = {Systematic Biology} 
}
